<record xmlns="http://www.loc.gov/MARC21/slim" xmlns:xsi="http://www.w3.org/2001/XMLSchema-instance" xsi:schemaLocation="http://www.loc.gov/MARC21/slim http://www.loc.gov/standards/marcxml/schema/MARC21slim.xsd"><leader>01310cz   2200289n  4500</leader><controlfield tag="001">oca00087945 </controlfield><controlfield tag="005">20000329084107.0</controlfield><controlfield tag="008">800930n| acannaabn          |a aaa      </controlfield><datafield ind1=" " ind2=" " tag="010"><subfield code="a">n  50053072 </subfield></datafield><datafield ind1=" " ind2=" " tag="040"><subfield code="a">DLC</subfield><subfield code="b">eng</subfield><subfield code="c">DLC</subfield><subfield code="d">DLC</subfield><subfield code="d">NNC</subfield><subfield code="d">DLC</subfield><subfield code="d">OCoLC</subfield></datafield><datafield ind1="0" ind2=" " tag="100"><subfield code="a">Suetonius,</subfield><subfield code="d">ca. 69-ca. 122</subfield></datafield><datafield ind1="0" ind2=" " tag="400"><subfield code="a">Sveton,</subfield><subfield code="d">ca. 69-ca. 122</subfield></datafield><datafield ind1="0" ind2=" " tag="400"><subfield code="a">K. Svetoniĭ Trankvill,</subfield><subfield code="d">ca. 69-ca. 122</subfield></datafield><datafield ind1="0" ind2=" " tag="400"><subfield code="a">Svetonio,</subfield><subfield code="d">ca. 69-ca. 122</subfield></datafield><datafield ind1="1" ind2=" " tag="400"><subfield code="a">Svetonio Tranquillo, Gaio,</subfield><subfield code="d">ca. 69-ca. 122</subfield></datafield><datafield ind1="1" ind2=" " tag="400"><subfield code="a">Suetonius Tranquillus, C.</subfield><subfield code="w">nnaa</subfield></datafield><datafield ind1="1" ind2=" " tag="400"><subfield code="a">Suetonius Tranquillus, C.,</subfield><subfield code="d">ca. 69-ca. 122</subfield></datafield><datafield ind1="0" ind2=" " tag="400"><subfield code="a">Suétone,</subfield><subfield code="d">ca. 69-ca. 122</subfield></datafield><datafield ind1="1" ind2=" " tag="400"><subfield code="a">Tranquillus, Gaius Suetonius,</subfield><subfield code="d">ca. 69-ca. 122</subfield></datafield><datafield ind1="1" ind2=" " tag="400"><subfield code="a">Suetonius Tranquillus, Gaius,</subfield><subfield code="d">ca. 69-ca. 122</subfield></datafield><datafield ind1="1" ind2=" " tag="400"><subfield code="a">Suetone Tranquile,</subfield><subfield code="d">ca. 69-ca. 122</subfield></datafield><datafield ind1="0" ind2=" " tag="400"><subfield code="a">Sueton,</subfield><subfield code="d">ca. 69-ca. 122</subfield></datafield><datafield ind1=" " ind2=" " tag="670"><subfield code="a">Wallace-Hadrill, A. Suetonius, the scholar and his Caesars, 1983:</subfield><subfield code="b">t.p. (Suetonius) Brit. CIP data (Suetonius Tranquillus, Caius)</subfield></datafield><datafield ind1=" " ind2=" " tag="670"><subfield code="a">Gascou, J. Suétone historien, 1984:</subfield><subfield code="b">t.p. (Suétone)</subfield></datafield><datafield ind1=" " ind2=" " tag="670"><subfield code="a">His The twelve Caesars, 1957:</subfield><subfield code="b">t.p. (Gaius Suetonius Tranquillus)</subfield></datafield><datafield ind1=" " ind2=" " tag="670"><subfield code="a">His Des faictz et gestes des douze Cæsars, 1540:</subfield><subfield code="b">t.p. (Suetone Tranquile)</subfield></datafield><datafield ind1=" " ind2=" " tag="670"><subfield code="a">Baar, M. Das Bild des Kaisers Tiberius bei Tacitus, Sueton und Cassius Dio, 1990.</subfield></datafield></record>